<?xml version="1.0" encoding="UTF-8"?>
<record xmlns="http://www.loc.gov/MARC21/slim">
   <leader>01708cam a2200289 a 4500</leader>
   <controlfield tag="001">2795745</controlfield>
   <controlfield tag="003">NjP</controlfield>
   <controlfield tag="005">20171013183251.0</controlfield>
   <controlfield tag="008">000217m18909999mr            000 0 ara d</controlfield>
   <datafield tag="024" ind1="7" ind2=" ">
      <subfield code="a">princeton_aco004878</subfield>
      <subfield code="2">local</subfield>
   </datafield>
   <datafield ind1=" " ind2=" " tag="035">
      <subfield code="9">CNK5711TS</subfield>
   </datafield>
   <datafield ind1=" " ind2=" " tag="040">
      <subfield code="a">NjP</subfield>
      <subfield code="c">NjP</subfield>
   </datafield>
   <datafield ind1="1" ind2=" " tag="100">
      <subfield code="a">Shafshāwanī, Muḥammad ibn Muḥammad,</subfield>
      <subfield code="d">1765 or 1766-1816 or 1817.</subfield>
      <subfield code="0">http://id.loc.gov/authorities/names/no00011714</subfield>
   </datafield>
   <datafield ind1="1" ind2="0" tag="240">
      <subfield code="a">Ḥāshiyah ʻalá Sharḥ al-Taftāzānī ʻalá al-Talkhīṣ lil-Qazwīnī</subfield>
   </datafield>
   <datafield ind1="1" ind2="3" tag="245">
      <subfield code="a">al-Niṣf al-awwal min Ḥāshiyat al-ʻālim al-ʻallāmah al- muḥaqqiq Abī ʻAbd Allāh Sayyidī Muḥammad ibn Muḥammad ibn Manṣūr [illegible] al-aṣl al-Fāsī al-dār ʻalá Sharḥ al-ʻAllāmah Saʻd al-Dīn al-Taftāzānī ʻalá al-Talkhīṣ lil-Qazwīnī. Wa-bi-al-hāmish al-Sharḥ al-madhkūr.</subfield>
   </datafield>
   <datafield ind1="3" ind2="0" tag="246">
      <subfield code="a">Ḥāshiyah ʻalá Sharḥ al-Taftāzānī ʻalá al-Talkhīṣ lil-Qazwīnī</subfield>
   </datafield>
   <datafield ind1=" " ind2=" " tag="260">
      <subfield code="a">[Morocco :</subfield>
      <subfield code="b">s.n.,</subfield>
      <subfield code="c">189-?]-</subfield>
   </datafield>
   <datafield ind1=" " ind2=" " tag="300">
      <subfield code="a">v. ;</subfield>
      <subfield code="c">23 cm.</subfield>
   </datafield>
   <datafield ind1=" " ind2=" " tag="500">
      <subfield code="a">Princeton's copy defective lacks t.p.</subfield>
      <subfield code="5">NjP</subfield>
   </datafield>
   <datafield ind1="1" ind2="0" tag="600">
      <subfield code="a">Taftāzānī, Masʻūd ibn ʻUmar,</subfield>
      <subfield code="d">1322-1389?</subfield>
      <subfield code="t">Muṭawwal.</subfield>
   </datafield>
   <datafield ind1="1" ind2="0" tag="600">
      <subfield code="a">Qazwīnī, Jalāl al-Dīn Muḥammad ibn ʻAbd al-Raḥmān,</subfield>
      <subfield code="d">1267 or 1268-1338.</subfield>
      <subfield code="t">Talkhīṣ al-Miftāḥ.</subfield>
   </datafield>
   <datafield ind1=" " ind2="0" tag="650">
      <subfield code="a">Arabic language</subfield>
      <subfield code="x">Rhetoric.</subfield>
      <subfield code="0">http://id.loc.gov/authorities/subjects/sh2007101225</subfield>
   </datafield>
   <datafield ind1="1" ind2="0" tag="600">
      <subfield code="a">Sakkākī, Yūsuf ibn Abī Bakr,</subfield>
      <subfield code="d">b. 1160.</subfield>
      <subfield code="t">Miftāḥ al-ʻulūm.</subfield>
   </datafield>
   <datafield ind1=" " ind2="7" tag="655">
      <subfield code="a">Lithographs</subfield>
      <subfield code="z">Morocco</subfield>
      <subfield code="2">gmgpc</subfield>
   </datafield>
   <datafield ind1="1" ind2="2" tag="700">
      <subfield code="a">Taftāzānī, Masʻūd ibn ʻUmar,</subfield>
      <subfield code="d">1322-1389?</subfield>
      <subfield code="t">Talkhīṣ al-Miftāḥ.</subfield>
      <subfield code="0">http://id.loc.gov/authorities/names/n79106223</subfield>
   </datafield>
   <datafield ind1="0" ind2=" " tag="740">
      <subfield code="a">Talkhīṣ al-Miftāḥ.</subfield>
   </datafield>
   <datafield ind1=" " ind2=" " tag="948">
      <subfield code="a">jeb</subfield>
   </datafield>
   <datafield ind1=" " ind2=" " tag="911">
      <subfield code="a">20000217</subfield>
   </datafield>
   <datafield ind1=" " ind2=" " tag="912">
      <subfield code="a">20000217051023.0</subfield>
   </datafield>
   <datafield ind1="8" ind2="1" tag="852">
      <subfield code="0">3107362</subfield>
      <subfield code="b">rcppa</subfield>
      <subfield code="t">1</subfield>
      <subfield code="h">2274.79942.923 1890z</subfield>
      <subfield code="x">tr fr f</subfield>
   </datafield>
   <datafield ind1=" " ind2="0" tag="866">
      <subfield code="0">3107362</subfield>
      <subfield code="a">Niṣf 1</subfield>
   </datafield>
   <datafield ind1=" " ind2="0" tag="866">
      <subfield code="0">3107362</subfield>
      <subfield code="x">DESIGNATOR: niṣf</subfield>
   </datafield>
   <datafield ind1=" " ind2=" " tag="959">
      <subfield code="a">2000-06-13 00:00:00 -0400</subfield>
   </datafield>
</record>
